% This file was created with JabRef 2.7b.
% Encoding: UTF-8

@BOOK{Abrahams2004,
  title = {C++ Template Metaprogramming: Concepts, Tools, and Techniques from
	Boost and Beyond (C++ in Depth Series)},
  publisher = {Addison-Wesley Professional},
  year = {2004},
  author = {Abrahams, David and Gurtovoy, Aleksey},
  isbn = {0321227255}
}

@INCOLLECTION{Agarwal2006,
  author = {Agarwal, Pankaj K and Arge, Lars and Danner, Andrew},
  title = {From point cloud to grid DEM: A scalable approach},
  booktitle = {Progress in Spatial Data Handling},
  publisher = {Springer},
  year = {2006},
  pages = {771--788}
}

@INPROCEEDINGS{Baumgart1975,
  author = {Baumgart, Bruce G.},
  title = {A polyhedron representation for computer vision},
  booktitle = {Proceedings of the May 19-22, 1975, national computer conference
	and exposition},
  year = {1975},
  series = {AFIPS '75},
  pages = {589--596},
  address = {New York, NY, USA},
  publisher = {ACM},
  acmid = {1500071},
  doi = {10.1145/1499949.1500071},
  location = {Anaheim, California},
  numpages = {8},
  url = {http://doi.acm.org/10.1145/1499949.1500071}
}

@TECHREPORT{Baumgart1972,
  author = {Baumgart, Bruce G},
  title = {Winged edge polyhedron representation},
  institution = {DTIC Document},
  year = {1972}
}

@ARTICLE{Botsch2002,
  author = {Botsch, Mario and Steinberg, Stephan and Bischoff, Stephan and Kobbelt,
	Leif},
  title = {Openmesh-a generic and efficient polygon mesh data structure},
  year = {2002},
  publisher = {Citeseer}
}

@ARTICLE{Cohen-Or1995,
  author = {Daniel Cohen-Or and Arie Kaufman},
  title = {Fundamentals of Surface Voxelization },
  journal = {Graphical Models and Image Processing },
  year = {1995},
  volume = {57},
  pages = {453 - 461},
  number = {6},
  doi = {http://dx.doi.org/10.1006/gmip.1995.1039},
  issn = {1077-3169},
  url = {http://www.sciencedirect.com/science/article/pii/S1077316985710398}
}

@INPROCEEDINGS{Du2012,
  author = {Qinsheng Du and Jian Zhao and Lijuan Shi and Lirong Wang},
  title = {Efficient improved marching cubes algorithm},
  booktitle = {Computer Science and Network Technology (ICCSNT), 2012 2nd International
	Conference on},
  year = {2012},
  pages = {416-419},
  doi = {10.1109/ICCSNT.2012.6525967},
  keywords = {computational geometry;data visualisation;solid modelling;3D reconstruction
	jaw system;MC algorithm;VTK;isosurfaces;marching cubes algorithm;surface
	reconstruction method;visualization tool kit;3D reconstruction;marching
	cubes;surface rendering;visualization tool kit (VTK)}
}

@ARTICLE{Grunbaum2007,
  author = {Gr{\"u}nbaum, Branko},
  title = {Graphs of polyhedra; polyhedra as graphs},
  journal = {Discrete mathematics},
  year = {2007},
  volume = {307},
  pages = {445--463},
  number = {3},
  publisher = {Elsevier}
}

@INPROCEEDINGS{Isenburg2002,
  author = {Isenburg, Martin and Alliez, Pierre},
  title = {Compressing polygon mesh geometry with parallelogram prediction},
  booktitle = {Proceedings of the conference on Visualization '02},
  year = {2002},
  series = {VIS '02},
  pages = {141--146},
  address = {Washington, DC, USA},
  publisher = {IEEE Computer Society},
  acmid = {602119},
  isbn = {0-7803-7498-3},
  keywords = {geometry coding, linear prediction, mesh compression, parallelogram
	rule, polygon meshes},
  location = {Boston, Massachusetts},
  numpages = {6},
  url = {http://dl.acm.org/citation.cfm?id=602099.602119}
}

@INPROCEEDINGS{Jones1996,
  author = {Jones, Mark W.},
  title = {The production of volume data from triangular meshes using voxelisation},
  booktitle = {Computer Graphics Forum},
  year = {1996},
  volume = {15},
  number = {5},
  pages = {311--318}
}

@ARTICLE{Lorensen1987,
  author = {Lorensen, William E. and Cline, Harvey E.},
  title = {Marching cubes: A high resolution 3D surface construction algorithm},
  journal = {SIGGRAPH Comput. Graph.},
  year = {1987},
  volume = {21},
  pages = {163--169},
  number = {4},
  month = aug,
  acmid = {37422},
  address = {New York, NY, USA},
  doi = {10.1145/37402.37422},
  issn = {0097-8930},
  issue_date = {July 1987},
  numpages = {7},
  publisher = {ACM},
  url = {http://doi.acm.org/10.1145/37402.37422}
}

@ARTICLE{Naugler2013,
  author = {Naugler, David R.},
  title = {C++11! New features},
  journal = {J. Comput. Sci. Coll.},
  year = {2013},
  volume = {28},
  pages = {8--8},
  number = {5},
  month = may,
  acmid = {2458571},
  address = {USA},
  issn = {1937-4771},
  issue_date = {May 2013},
  numpages = {1},
  publisher = {Consortium for Computing Sciences in Colleges},
  url = {http://dl.acm.org/citation.cfm?id=2458569.2458571}
}

@ARTICLE{Simonis2000,
  author = {Simonis, Volker},
  title = {Adapters and binders: overcoming problems in the design and implementation
	of the C++-STL},
  journal = {SIGPLAN Not.},
  year = {2000},
  volume = {35},
  pages = {46--53},
  number = {2},
  month = feb,
  acmid = {345122},
  address = {New York, NY, USA},
  doi = {10.1145/345105.345122},
  issn = {0362-1340},
  issue_date = {Feb.2000},
  keywords = {C++, STL, adapters, binders, template specialization},
  numpages = {8},
  publisher = {ACM},
  url = {http://doi.acm.org/10.1145/345105.345122}
}

@INCOLLECTION{Sutton2012,
  author = {Sutton, Andrew and Stroustrup, Bjarne},
  title = {Design of Concept Libraries for C++},
  booktitle = {Software Language Engineering},
  publisher = {Springer Berlin Heidelberg},
  year = {2012},
  editor = {Sloane, Anthony and Aßmann, Uwe},
  volume = {6940},
  series = {Lecture Notes in Computer Science},
  pages = {97-118},
  doi = {10.1007/978-3-642-28830-2_6},
  isbn = {978-3-642-28829-6},
  keywords = {Generic programming; concepts; constraints; axioms; C++},
  url = {http://dx.doi.org/10.1007/978-3-642-28830-2_6}
}

@INPROCEEDINGS{Wang1993,
  author = {Wang, Sidney W. and Kaufman, Arie E.},
  title = {Volume sampled voxelization of geometric primitives},
  booktitle = {Proceedings of the 4th conference on Visualization '93},
  year = {1993},
  series = {VIS '93},
  pages = {78--84},
  address = {Washington, DC, USA},
  publisher = {IEEE Computer Society},
  acmid = {949864},
  isbn = {0-8186-3940-7},
  keywords = {discrete ray tracing, filtering, volume sampling, voxelization},
  location = {San Jose, California},
  numpages = {7},
  url = {http://dl.acm.org/citation.cfm?id=949845.949864}
}

@INPROCEEDINGS{Xiaojun2003,
  author = {Wu Xiaojun and Liu Weijun and Wang Tianran},
  title = {A new method on converting polygonal meshes to volumetric datasets},
  booktitle = {Robotics, Intelligent Systems and Signal Processing, 2003. Proceedings.
	2003 IEEE International Conference on},
  year = {2003},
  volume = {1},
  pages = {116-120 vol.1},
  doi = {10.1109/RISSP.2003.1285559},
  keywords = {CAD;data visualisation;mesh generation;octrees;rendering (computer
	graphics);robots;solid modelling;CAD systems;collision detection;contour
	voxel representation;octree structure;polygonal meshes;robotics;three
	dimensional volume dataset;volumetric datasets;voxel-based models;Biomedical
	imaging;Computer graphics;Computer vision;Fluid dynamics;Image coding;Manufacturing;Medical
	robotics;Rendering (computer graphics);Solid modeling;Surface reconstruction}
}

@BOOK{Zara2004,
  title = {Moderní počítačová grafika},
  publisher = {Computer press},
  year = {2004},
  author = {Žára, Jiří and Beneš, Bedřich and Sochor, Jiří and Felkel, Petr}
}

@comment{jabref-meta: selector_publisher:}

@comment{jabref-meta: selector_author:}

@comment{jabref-meta: selector_journal:}

@comment{jabref-meta: selector_keywords:}

